Trade_Time,Price_USD,Volume_BTC,Symbol
2025-09-30 00:12:14.993,114360.0,0.087,BTCUSDT
2025-09-30 00:12:15.029,114360.0,0.259,BTCUSDT
2025-09-30 00:12:15.352,114360.1,0.009,BTCUSDT
2025-09-30 00:12:15.670,114360.0,0.05,BTCUSDT
2025-09-30 00:12:15.974,114360.0,0.087,BTCUSDT
2025-09-30 00:12:16.031,114360.0,0.022,BTCUSDT
2025-09-30 00:12:16.298,114360.1,0.101,BTCUSDT
2025-09-30 00:12:16.824,114360.0,0.001,BTCUSDT
2025-09-30 00:12:17.061,114360.1,0.011,BTCUSDT
2025-09-30 00:12:17.102,114360.0,0.087,BTCUSDT
2025-09-30 00:12:17.307,114360.0,0.009,BTCUSDT
2025-09-30 00:12:17.462,114360.1,0.218,BTCUSDT
2025-09-30 00:12:17.512,114360.0,0.067,BTCUSDT
2025-09-30 00:12:17.555,114360.0,0.004,BTCUSDT
2025-09-30 00:12:17.625,114360.0,0.04,BTCUSDT
2025-09-30 00:12:17.665,114360.1,0.015,BTCUSDT
2025-09-30 00:12:17.725,114360.0,0.001,BTCUSDT
2025-09-30 00:12:17.727,114360.0,0.008,BTCUSDT
2025-09-30 00:12:17.772,114360.1,0.002,BTCUSDT
2025-09-30 00:12:18.146,114360.0,0.087,BTCUSDT
2025-09-30 00:12:18.311,114360.0,0.004,BTCUSDT
2025-09-30 00:12:18.366,114360.1,0.002,BTCUSDT
2025-09-30 00:12:18.465,114360.0,0.001,BTCUSDT
2025-09-30 00:12:18.496,114360.0,0.024,BTCUSDT
2025-09-30 00:12:18.511,114360.1,0.001,BTCUSDT
2025-09-30 00:12:19.072,114360.0,0.008,BTCUSDT
2025-09-30 00:12:19.077,114360.1,0.008,BTCUSDT
2025-09-30 00:12:19.244,114360.0,0.002,BTCUSDT
2025-09-30 00:12:19.298,114360.0,0.087,BTCUSDT
2025-09-30 00:12:19.377,114360.0,0.043,BTCUSDT
2025-09-30 00:12:19.998,114360.0,0.48,BTCUSDT
2025-09-30 00:12:20.117,114360.0,0.008,BTCUSDT
2025-09-30 00:12:20.234,114360.0,0.052,BTCUSDT
2025-09-30 00:12:20.241,114360.0,0.001,BTCUSDT
2025-09-30 00:12:20.254,114360.0,0.001,BTCUSDT
2025-09-30 00:12:20.308,114360.0,0.001,BTCUSDT
2025-09-30 00:12:20.356,114360.0,0.087,BTCUSDT
2025-09-30 00:12:20.447,114360.1,0.082,BTCUSDT
2025-09-30 00:12:20.619,114360.1,0.001,BTCUSDT
2025-09-30 00:12:20.899,114360.1,0.016,BTCUSDT
2025-09-30 00:12:21.038,114360.0,0.002,BTCUSDT
2025-09-30 00:12:21.170,114360.1,0.001,BTCUSDT
2025-09-30 00:12:21.404,114360.0,0.087,BTCUSDT
2025-09-30 00:12:21.444,114360.1,0.085,BTCUSDT
2025-09-30 00:12:21.449,114360.1,0.024,BTCUSDT
2025-09-30 00:12:21.522,114360.1,0.007,BTCUSDT
2025-09-30 00:12:21.779,114360.1,0.009,BTCUSDT
2025-09-30 00:12:21.916,114360.0,0.04,BTCUSDT
2025-09-30 00:12:21.974,114360.1,0.002,BTCUSDT
2025-09-30 00:12:22.043,114360.1,0.003,BTCUSDT
2025-09-30 00:12:22.055,114360.1,0.018,BTCUSDT
2025-09-30 00:12:22.127,114360.0,0.021,BTCUSDT
2025-09-30 00:12:22.130,114360.1,0.001,BTCUSDT
2025-09-30 00:12:22.416,114360.0,0.087,BTCUSDT
2025-09-30 00:12:22.600,114360.1,0.073,BTCUSDT
2025-09-30 00:12:22.624,114360.0,0.001,BTCUSDT
2025-09-30 00:12:22.696,114360.0,0.001,BTCUSDT
2025-09-30 00:12:22.719,114360.0,0.043,BTCUSDT
2025-09-30 00:12:22.720,114360.0,0.001,BTCUSDT
2025-09-30 00:12:23.062,114360.0,0.003,BTCUSDT
2025-09-30 00:12:23.246,114360.0,0.024,BTCUSDT
2025-09-30 00:12:23.302,114360.0,0.001,BTCUSDT
2025-09-30 00:12:23.455,114360.0,0.087,BTCUSDT
2025-09-30 00:12:24.060,114360.0,0.006,BTCUSDT
2025-09-30 00:12:24.407,114360.0,0.087,BTCUSDT
2025-09-30 00:12:24.477,114360.0,0.001,BTCUSDT
2025-09-30 00:12:24.934,114360.0,0.027,BTCUSDT
2025-09-30 00:12:25.024,114360.0,0.001,BTCUSDT
2025-09-30 00:12:25.094,114360.1,0.002,BTCUSDT
2025-09-30 00:12:25.105,114360.1,0.035,BTCUSDT
2025-09-30 00:12:25.105,114360.1,0.002,BTCUSDT
2025-09-30 00:12:25.139,114360.1,0.003,BTCUSDT
2025-09-30 00:12:25.149,114360.1,0.027,BTCUSDT
2025-09-30 00:12:25.158,114360.0,0.001,BTCUSDT
2025-09-30 00:12:25.161,114360.0,0.001,BTCUSDT
2025-09-30 00:12:25.386,114360.0,0.087,BTCUSDT
2025-09-30 00:12:25.546,114360.1,0.015,BTCUSDT
2025-09-30 00:12:25.682,114360.1,0.005,BTCUSDT
2025-09-30 00:12:25.713,114360.0,0.001,BTCUSDT
2025-09-30 00:12:26.033,114360.1,0.009,BTCUSDT
2025-09-30 00:12:26.061,114360.1,0.002,BTCUSDT
2025-09-30 00:12:26.076,114360.0,0.018,BTCUSDT
2025-09-30 00:12:26.127,114360.0,0.002,BTCUSDT
2025-09-30 00:12:26.182,114360.1,0.002,BTCUSDT
2025-09-30 00:12:26.203,114360.1,0.132,BTCUSDT
2025-09-30 00:12:26.283,114360.1,0.002,BTCUSDT
2025-09-30 00:12:26.283,114360.1,0.102,BTCUSDT
2025-09-30 00:12:26.283,114360.1,0.012,BTCUSDT
2025-09-30 00:12:26.396,114360.1,0.25,BTCUSDT
2025-09-30 00:12:26.410,114360.0,0.087,BTCUSDT
2025-09-30 00:12:26.534,114360.1,0.001,BTCUSDT
2025-09-30 00:12:26.699,114360.0,0.004,BTCUSDT
2025-09-30 00:12:27.205,114360.0,0.002,BTCUSDT
2025-09-30 00:12:27.255,114360.0,0.005,BTCUSDT
2025-09-30 00:12:27.331,114360.1,0.003,BTCUSDT
2025-09-30 00:12:27.429,114360.0,0.087,BTCUSDT
2025-09-30 00:12:27.598,114360.1,0.02,BTCUSDT
2025-09-30 00:12:27.738,114360.1,0.002,BTCUSDT
2025-09-30 00:12:27.799,114360.1,0.161,BTCUSDT
2025-09-30 00:12:28.047,114360.1,0.004,BTCUSDT
2025-09-30 00:12:28.056,114360.0,0.001,BTCUSDT
2025-09-30 00:12:28.322,114360.0,0.001,BTCUSDT
2025-09-30 00:12:28.474,114360.1,0.009,BTCUSDT
2025-09-30 00:12:28.487,114360.1,0.009,BTCUSDT
2025-09-30 00:12:28.524,114360.0,0.002,BTCUSDT
2025-09-30 00:12:28.524,114360.0,0.002,BTCUSDT
2025-09-30 00:12:28.524,114360.0,0.004,BTCUSDT
2025-09-30 00:12:28.524,114360.0,0.079,BTCUSDT
2025-09-30 00:12:29.189,114360.0,0.1,BTCUSDT
